% Introduction
% Background
@misc{rimol_2021,
	title        = {Gartner Says Worldwide IaaS Public Cloud Services Market Grew 40.7\% in 2020},
	author       = {Rimol, Meghan},
	year         = 2021,
	month        = {Jun},
	journal      = {Gartner},
	howpublished = {\url{https://www.gartner.com/en/newsroom/press-releases/2021-06-28-gartner-says-worldwide-iaas-public-cloud-services-market-grew-40-7-percent-in-2020}}
}
@misc{LessonsF52:online,
	title        = {Lessons From the Birth of Microservices at Google},
	author       = {Daniel Spoonhower},
	year         = 2018,
	month        = 12,
	note         = {(Accessed on 09/22/2021)},
	howpublished = {\url{https://dzone.com/articles/lessons-from-the-birth-of-microservices-at-google}}
}
@inproceedings{di2018migrating,
	title        = {Migrating towards microservice architectures: an industrial survey},
	author       = {Di Francesco, Paolo and Lago, Patricia and Malavolta, Ivano},
	year         = 2018,
	booktitle    = {2018 IEEE International Conference on Software Architecture (ICSA)},
	pages        = {29--2909},
	organization = {IEEE}
}
@misc{Microser52:online,
	title        = {Microservices Adoption in 2020 – O’Reilly},
	author       = {Mike Loukides, Steve Swoyer},
	year         = 2020,
	month        = {07},
	note         = {(Accessed on 09/22/2021)},
	howpublished = {\url{https://www.oreilly.com/radar/microservices-adoption-in-2020/}}
}
@misc{Understa56:online,
	title        = {Understanding cloud-native apps},
	author       = {RedHat},
	year         = {},
	month        = {},
	note         = {(Accessed on 08/26/2021)},
	howpublished = {\url{https://www.redhat.com/cloud-native-apps}}
}
@misc{Whataret68:online,
	title        = {What are the Benefits of CI/CD?},
	author       = {JetBrains},
	year         = {},
	month        = {},
	note         = {(Accessed on 08/26/2021)},
	howpublished = {\url{https://www.jetbrains.com/teamcity/ci-cd-guide/benefits-of-ci-cd/}}
}
@misc{5WaysYou35:online,
	title        = {5 Ways You're Probably Messing Up Your Microservices | OverOps},
	author       = {Alex Zhitnitsky},
	year         = 2019,
	month        = 5,
	note         = {(Accessed on 08/26/2021)},
	howpublished = {\url{https://www.overops.com/blog/5-ways-to-not-f-up-your-microservices-in-production/}}
}
% Problem

% Research Motivation
@misc{Untangli35:online,
	title        = {Untangling Microservices or Balancing Complexity in Distributed Systems},
	author       = {Vladik Khononov},
	year         = 2020,
	month        = 4,
	note         = {(Accessed on 08/31/2021)},
	howpublished = {\url{https://blog.doit-intl.com/untangling-microservices-or-balancing-complexity-in-distributed-systems-7759987d44b1}}
}
@misc{OpenAI_dota,
	title        = {OpenAI Five},
	author       = {OpenAI},
	year         = 2018,
	howpublished = {\url{https://blog.openai.com/openai-five/}}
}
@article{silver2017mastering,
	title        = {Mastering the game of go without human knowledge},
	author       = {Silver, David and Schrittwieser, Julian and Simonyan, Karen and Antonoglou, Ioannis and Huang, Aja and Guez, Arthur and Hubert, Thomas and Baker, Lucas and Lai, Matthew and Bolton, Adrian and others},
	year         = 2017,
	journal      = {nature},
	publisher    = {Nature Publishing Group},
	volume       = 550,
	number       = 7676,
	pages        = {354--359}
}
% Related Works
@inproceedings{du2018anomaly,
	title        = {Anomaly detection and diagnosis for container-based microservices with performance monitoring},
	author       = {Du, Qingfeng and Xie, Tiandi and He, Yu},
	year         = 2018,
	booktitle    = {International Conference on Algorithms and Architectures for Parallel Processing},
	pages        = {560--572},
	organization = {Springer}
}
@inproceedings{kumarage2018anomaly,
	title        = {Anomaly Detection in Industrial Software Systems-Using Variational Autoencoders.},
	author       = {Kumarage, Tharindu and De Silva, Nadun and Ranawaka, Malsha and Kuruppu, Chamal and Ranathunga, Surangika},
	year         = 2018,
	booktitle    = {ICPRAM},
	pages        = {440--447}
}
@inproceedings{kumarage2019generative,
	title        = {Generative adversarial networks (GAN) based anomaly detection in industrial software systems},
	author       = {Kumarage, Tharindu and Ranathunga, Surangika and Kuruppu, Chamal and De Silva, Nadun and Ranawaka, Malsha},
	year         = 2019,
	booktitle    = {2019 Moratuwa Engineering Research Conference (MERCon)},
	pages        = {43--48},
	organization = {IEEE}
}
@article{oord2016wavenet,
	title        = {Wavenet: A generative model for raw audio},
	author       = {Oord, Aaron van den and Dieleman, Sander and Zen, Heiga and Simonyan, Karen and Vinyals, Oriol and Graves, Alex and Kalchbrenner, Nal and Senior, Andrew and Kavukcuoglu, Koray},
	year         = 2016,
	journal      = {arXiv preprint arXiv:1609.03499}
}
@inproceedings{chigurupati2017root,
	title        = {Root cause analysis using artificial intelligence},
	author       = {Chigurupati, Asha and Lassar, Noah},
	year         = 2017,
	booktitle    = {2017 Annual reliability and maintainability symposium (RAMS)},
	pages        = {1--5},
	organization = {IEEE}
}
@article{gonzalez2017root,
	title        = {Root cause analysis of network failures using machine learning and summarization techniques},
	author       = {Gonzalez, Jose Manuel Navarro and Jimenez, Javier Andion and Lopez, Juan Carlos Duenas and others},
	year         = 2017,
	journal      = {IEEE Communications Magazine},
	publisher    = {IEEE},
	volume       = 55,
	number       = 9,
	pages        = {126--131}
}
@inproceedings{samir2019dla,
	title        = {DLA: Detecting and localizing anomalies in containerized microservice architectures using markov models},
	author       = {Samir, Areeg and Pahl, Claus},
	year         = 2019,
	booktitle    = {2019 7th International Conference on Future Internet of Things and Cloud (FiCloud)},
	pages        = {205--213},
	organization = {IEEE}
}
@inproceedings{wu2020microrca,
	title        = {Microrca: Root cause localization of performance issues in microservices},
	author       = {Wu, Li and Tordsson, Johan and Elmroth, Erik and Kao, Odej},
	year         = 2020,
	booktitle    = {NOMS 2020-2020 IEEE/IFIP Network Operations and Management Symposium},
	pages        = {1--9},
	organization = {IEEE}
}
@article{wang2020generalizing,
	title        = {Generalizing from a few examples: A survey on few-shot learning},
	author       = {Wang, Yaqing and Yao, Quanming and Kwok, James T and Ni, Lionel M},
	year         = 2020,
	journal      = {ACM Computing Surveys (CSUR)},
	publisher    = {ACM New York, NY, USA},
	volume       = 53,
	number       = 3,
	pages        = {1--34}
}
@inproceedings{zhang2019deep,
	title        = {A deep neural network for unsupervised anomaly detection and diagnosis in multivariate time series data},
	author       = {Zhang, Chuxu and Song, Dongjin and Chen, Yuncong and Feng, Xinyang and Lumezanu, Cristian and Cheng, Wei and Ni, Jingchao and Zong, Bo and Chen, Haifeng and Chawla, Nitesh V},
	year         = 2019,
	booktitle    = {Proceedings of the AAAI Conference on Artificial Intelligence},
	volume       = 33,
	pages        = {1409--1416}
}
% Approach


% Research Gap
@misc{GoingtoM51:online,
	title        = {Going to Market Faster: Most Companies Are Deploying Code Weekly, Daily, or Hourly},
	author       = {Asami Novak},
	year         = 2016,
	month        = {02},
	note         = {(Accessed on 09/04/2021)},
	howpublished = {\url{https://newrelic.com/blog/best-practices/data-culture-survey-results-faster-deployment}}
}
@inproceedings{ribeiro2016should,
	title        = {"Why should i trust you?" Explaining the predictions of any classifier},
	author       = {Ribeiro, Marco Tulio and Singh, Sameer and Guestrin, Carlos},
	year         = 2016,
	booktitle    = {Proceedings of the 22nd ACM SIGKDD international conference on knowledge discovery and data mining},
	pages        = {1135--1144}
}
% Research Challenges
@misc{WhatisCo78:online,
	title        = {What is Container Orchestration?},
	author       = {IBM},
	year         = 2021,
	month        = {05},
	note         = {(Accessed on 09/14/2021)},
	howpublished = {\url{https://www.ibm.com/cloud/learn/container-orchestration}}
}
@misc{Googlead4:online,
	title        = {Google admits Kubernetes container tech is so complex, it's had to roll out an Autopilot feature to do it all for you • The Register},
	author       = {Tim Anderson},
	year         = 2021,
	month        = {02},
	note         = {(Accessed on 09/14/2021)},
	howpublished = {\url{https://www.theregister.com/2021/02/25/google_kubernetes_autopilot/}}
}
% Research methods
@misc{1Philoso75:online,
	title        = {Philosophy of Science | Four Major Paradigms},
	author       = {Ziaul Haque Munim},
	year         = 2019,
	month        = {02},
	note         = {(Accessed on 09/08/2021)},
	howpublished = {\url{https://www.youtube.com/watch?v=n8B50HJrAv0}}
}
@misc{Pragmati87:online,
	title        = {Pragmatism Research Philosophy},
	author       = {John Dudovskiy},
	year         = {},
	month        = {},
	note         = {(Accessed on 09/08/2021)},
	howpublished = {\url{https://research-methodology.net/research-philosophy/pragmatism-research-philosophy/}}
}
@misc{WhatAreT79:online,
	title        = {What Are The Top 8 Project Management Methodologies?},
	author       = {Erica Chappell},
	year         = 2021,
	month        = {01},
	note         = {(Accessed on 09/22/2021)},
	howpublished = {\url{https://clickup.com/blog/project-management-methodologies/#36-7-what-is-the-prince2-methodology}}
}


























%%% LR

% Domain Overview

@book{kim2014phoenix,
  title={The Phoenix Project: A Novel About IT, DevOps, and Helping Your Business Win},
  author={Kim, G. and Behr, K. and Spafford, K.},
  isbn={9780988262584},
  url={https://books.google.lk/books?id=qaRODgAAQBAJ},
  year={2014},
  publisher={IT Revolution Press}
}

@book{liker2006toyota,
  title={Toyota way fieldbook},
  author={Liker, Jeffrey K and Meier, David},
  year={2006},
  publisher={McGraw-Hill Education}
}

@book{beyer2016site,
  title={Site Reliability Engineering: How Google Runs Production Systems},
  author={Beyer, B. and Jones, C. and Petoff, J. and Murphy, N.R.},
  isbn={9781491929124},
  lccn={2017304248},
  url={https://books.google.lk/books?id=81UrjwEACAAJ},
  year={2016},
  publisher={O'Reilly Media, Incorporated}
}

@misc{Googleoutage:online,
author = {},
title = {Google Cloud Incident \#20013},
howpublished = {\url{https://status.cloud.google.com/incident/zall/20013}},
month = 12,
year = 2020,
note = {(Accessed on 12/03/2021)}
}

@misc{Artifici8:online,
author = {Ben Linders},
title = {Artificial Intelligence for IT Operations: an Overview},
howpublished = {\url{https://www.infoq.com/news/2021/07/AI-IT-operations/}},
month = {7},
year = {2021},
note = {(Accessed on 12/04/2021)}
}


% Problem
@misc{CloudAdo16:online,
	title        = {Cloud Adoption Statistics - It's Everywhere \& Everyone's Using It in 2021!},
	author       = {Nick Galov},
	year         = 2021,
	month        = 9,
	note         = {(Accessed on 08/27/2021)},
	howpublished = {\url{https://hostingtribunal.com/blog/cloud-adoption-statistics/}}
}
% Research Motivation

% Related Works
@misc{Watchdog76:online,
	title        = {Watchdog: Auto-Detect Performance Anomalies Without Setting Alerts | Datadog},
	author       = {Brad Menezes},
	year         = 2018,
	month        = 7,
	note         = {(Accessed on 08/29/2021)},
	howpublished = {\url{https://www.datadoghq.com/blog/watchdog/}}
}
@inproceedings{prabodha2017monitoring,
	title        = {Monitoring Health of Large Scale Software Systems Using Drift Detection Techniques},
	author       = {Prabodha, LHC and Vithanage, WRR and Ranaweera, LT and Dissanayake, DMMAIB and Ranathunga, Surangika},
	year         = 2017,
	booktitle    = {Conference on Complex, Intelligent, and Software Intensive Systems},
	pages        = {152--163},
	organization = {Springer}
}

@inproceedings{kim2018encoding,
	title        = {An encoding technique for CNN-based network anomaly detection},
	author       = {Kim, Taejoon and Suh, Sang C and Kim, Hyunjoo and Kim, Jonghyun and Kim, Jinoh},
	year         = 2018,
	booktitle    = {2018 IEEE International Conference on Big Data (Big Data)},
	pages        = {2960--2965},
	organization = {IEEE}
}
@inproceedings{dasgupta2002anomaly,
	title        = {Anomaly detection in multidimensional data using negative selection algorithm},
	author       = {Dasgupta, Dipankar and Majumdar, Nivedita Sumi},
	year         = 2002,
	booktitle    = {Proceedings of the 2002 Congress on Evolutionary Computation. CEC'02 (Cat. No. 02TH8600)},
	volume       = 2,
	pages        = {1039--1044},
	organization = {IEEE}
}

@article{soldani2021anomaly,
	title        = {Anomaly Detection and Failure Root Cause Analysis in (Micro) Service-Based Cloud Applications: A Survey},
	author       = {Soldani, Jacopo and Brogi, Antonio},
	year         = 2021,
	journal      = {arXiv preprint arXiv:2105.12378}
}
@inproceedings{hagemann2020systematic,
	title        = {A Systematic Review on Anomaly Detection for Cloud Computing Environments},
	author       = {Hagemann, Tanja and Katsarou, Katerina},
	year         = 2020,
	booktitle    = {2020 3rd Artificial Intelligence and Cloud Computing Conference},
	pages        = {83--96}
}
@article{hinton2006reducing,
	title        = {Reducing the dimensionality of data with neural networks},
	author       = {Hinton, Geoffrey E and Salakhutdinov, Ruslan R},
	year         = 2006,
	journal      = {science},
	publisher    = {American Association for the Advancement of Science},
	volume       = 313,
	number       = 5786,
	pages        = {504--507}
}
@article{goodfellow2014generative,
	title        = {Generative adversarial nets},
	author       = {Goodfellow, Ian and Pouget-Abadie, Jean and Mirza, Mehdi and Xu, Bing and Warde-Farley, David and Ozair, Sherjil and Courville, Aaron and Bengio, Yoshua},
	year         = 2014,
	journal      = {Advances in neural information processing systems},
	volume       = 27
}
@article{donahue2016adversarial,
	title        = {Adversarial feature learning},
	author       = {Donahue, Jeff and Kr{\"a}henb{\"u}hl, Philipp and Darrell, Trevor},
	year         = 2016,
	journal      = {arXiv preprint arXiv:1605.09782}
}
@article{buckland1994relationship,
	title        = {The relationship between recall and precision},
	author       = {Buckland, Michael and Gey, Fredric},
	year         = 1994,
	journal      = {Journal of the American society for information science},
	publisher    = {Wiley Online Library},
	volume       = 45,
	number       = 1,
	pages        = {12--19}
}
@misc{Accuracy18:online,
	title        = {Accuracy vs. F1-Score},
	author       = {urva Huilgol},
	year         = 2019,
	month        = {08},
	note         = {(Accessed on 10/20/2021)},
	howpublished = {\url{https://medium.com/analytics-vidhya/accuracy-vs-f1-score-6258237beca2}}
}
% Approach
@misc{WhatisaS27:online,
	title        = {What is a System Monitor?},
	author       = {G. Wiesen},
	year         = {},
	month        = {},
	note         = {(Accessed on 10/02/2021)},
	howpublished = {\url{https://www.easytechjunkie.com/what-is-a-system-monitor.htm}}
}
@misc{Whatisvi12:online,
	title        = {What is virtualization?},
	author       = {},
	year         = {},
	month        = {},
	note         = {(Accessed on 10/02/2021)},
	howpublished = {\url{https://www.redhat.com/en/topics/virtualization/what-is-virtualization#history-of-virtualization}}
}
@article{Mergen_Uhlig_Krieger_Xenidis_2006,
	title        = {Virtualization for high-performance computing},
	author       = {Mergen, Mark F. and Uhlig, Volkmar and Krieger, Orran and Xenidis, Jimi},
	year         = 2006,
	month        = {Apr},
	journal      = {ACM SIGOPS Operating Systems Review},
	volume       = 40,
	number       = 2,
	pages        = {8–11},
	doi          = {10.1145/1131322.1131328},
	issn         = {0163-5980},
	abstractnote = {The speciﬁc demands of high-performance computing (HPC) often mismatch the assumptions and algorithms provided by legacy operating systems (OS) for common workload mixes. While feature- and application-rich OSes allow for ﬂexible and low-cost hardware conﬁgurations, rapid development, and ﬂexible testing and debugging, the mismatch comes at the cost of — oftentimes signiﬁcant — performance degradation for HPC applications.}
}
@misc{7waysweh13:online,
	title        = {7 ways we harden our KVM hypervisor at Google Cloud: security in plaintext | Google Cloud Blog},
	author       = {Andy Honig, Nelly Porter},
	year         = 2017,
	month        = {01},
	note         = {(Accessed on 10/02/2021)},
	howpublished = {\url{https://cloud.google.com/blog/products/gcp/7-ways-we-harden-our-kvm-hypervisor-at-google-cloud-security-in-plaintext}}
}
@inproceedings{kivity2007kvm,
	title        = {kvm: the Linux virtual machine monitor},
	author       = {Kivity, Avi and Kamay, Yaniv and Laor, Dor and Lublin, Uri and Liguori, Anthony},
	year         = 2007,
	booktitle    = {Proceedings of the Linux symposium},
	pages        = {225--230},
	organization = {Dttawa, Dntorio, Canada}
}
@inproceedings{toka2021predicting,
	title        = {Predicting cloud-native application failures based on monitoring data of cloud infrastructure},
	author       = {Toka, Laszlo and Dobreff, Gergely and Haja, David and Szalay, Mark},
	year         = 2021,
	booktitle    = {2021 IFIP/IEEE International Symposium on Integrated Network Management (IM)},
	pages        = {842--847},
	organization = {IEEE}
}
@inproceedings{li2019service,
	title        = {Service mesh: Challenges, state of the art, and future research opportunities},
	author       = {Li, Wubin and Lemieux, Yves and Gao, Jing and Zhao, Zhuofeng and Han, Yanbo},
	year         = 2019,
	booktitle    = {2019 IEEE International Conference on Service-Oriented System Engineering (SOSE)},
	pages        = {122--1225},
	organization = {IEEE}
}
@misc{Benchmar93:online,
	title        = {Benchmarking Linkerd and Istio},
	author       = {William Morgan},
	year         = 2021,
	month        = {05},
	note         = {(Accessed on 10/02/2021)},
	howpublished = {\url{https://linkerd.io/2021/05/27/linkerd-vs-istio-benchmarks/}}
}
@misc{Whatissi48:online,
	title        = {What is sidecar proxy?},
	author       = {Alexander S. Gillis},
	year         = 2019,
	month        = {01},
	note         = {(Accessed on 10/02/2021)},
	howpublished = {\url{https://searchitoperations.techtarget.com/definition/sidecar-proxy}}
}
@misc{LKMLIngo52:online,
	title        = {LKML: Ingo Molnar: [GIT PULL] perf updates for v4.1},
	author       = {Ingo Molnar},
	year         = 2015,
	month        = 4,
	note         = {(Accessed on 10/02/2021)},
	howpublished = {\url{https://lkml.org/lkml/2015/4/14/232}}
}
@misc{WhatiseB46:online,
	title        = {What is eBPF?},
	author       = {},
	year         = {},
	month        = {},
	note         = {(Accessed on 10/07/2021)},
	howpublished = {\url{https://ebpf.io/what-is-ebpf}}
}
@article{batista2004study,
	title        = {A study of the behavior of several methods for balancing machine learning training data},
	author       = {Batista, Gustavo EAPA and Prati, Ronaldo C and Monard, Maria Carolina},
	year         = 2004,
	journal      = {ACM SIGKDD explorations newsletter},
	publisher    = {ACM New York, NY, USA},
	volume       = 6,
	number       = 1,
	pages        = {20--29}
}
@inproceedings{akcay2018ganomaly,
	title        = {Ganomaly: Semi-supervised anomaly detection via adversarial training},
	author       = {Akcay, Samet and Atapour-Abarghouei, Amir and Breckon, Toby P},
	year         = 2018,
	booktitle    = {Asian conference on computer vision},
	pages        = {622--637},
	organization = {Springer}
}
@inproceedings{geethika2019anomaly,
	title        = {Anomaly Detection in High-Performance API Gateways},
	author       = {Geethika, Deshani and Jayasinghe, Malith and Gunarathne, Yasas and Gamage, Thilina Ashen and Jayathilaka, Sudaraka and Ranathunga, Surangika and Perera, Srinath},
	year         = 2019,
	booktitle    = {2019 International Conference on High Performance Computing \& Simulation (HPCS)},
	pages        = {995--1001},
	organization = {IEEE}
}
@article{khoshnevisan2019rsm,
	title        = {Rsm-gan: A convolutional recurrent gan for anomaly detection in contaminated seasonal multivariate time series},
	author       = {Khoshnevisan, Farzaneh and Fan, Zhewen},
	year         = 2019,
	journal      = {arXiv preprint arXiv:1911.07104}
}
@inproceedings{nguyen2013fchain,
	title        = {Fchain: Toward black-box online fault localization for cloud systems},
	author       = {Nguyen, Hiep and Shen, Zhiming and Tan, Yongmin and Gu, Xiaohui},
	year         = 2013,
	booktitle    = {2013 IEEE 33rd International Conference on Distributed Computing Systems},
	pages        = {21--30},
	organization = {IEEE}
}
@inproceedings{nguyen2011pal,
author = {Nguyen, Hiep and Tan, Yongmin and Gu, Xiaohui},
title = {PAL: <i>P</i>Ropagation-Aware <i>A</i>Nomaly <i>L</i>Ocalization for Cloud Hosted Distributed Applications},
year = {2011},
isbn = {9781450309783},
publisher = {Association for Computing Machinery},
address = {New York, NY, USA},
url = {https://doi.org/10.1145/2038633.2038634},
doi = {10.1145/2038633.2038634},
booktitle = {Managing Large-Scale Systems via the Analysis of System Logs and the Application of Machine Learning Techniques},
articleno = {1},
numpages = {8},
keywords = {cloud computing, anomaly propagation, fault localization},
location = {Cascais, Portugal},
series = {SLAML '11}
}
@inproceedings{wang2020root,
	title        = {Root-cause metric location for microservice systems via log anomaly detection},
	author       = {Wang, Lingzhi and Zhao, Nengwen and Chen, Junjie and Li, Pinnong and Zhang, Wenchi and Sui, Kaixin},
	year         = 2020,
	booktitle    = {2020 IEEE International Conference on Web Services (ICWS)},
	pages        = {142--150},
	organization = {IEEE}
}
@inproceedings{ma2020automap,
	title        = {Automap: Diagnose your microservice-based web applications automatically},
	author       = {Ma, Meng and Xu, Jingmin and Wang, Yuan and Chen, Pengfei and Zhang, Zonghua and Wang, Ping},
	year         = 2020,
	booktitle    = {Proceedings of The Web Conference 2020},
	pages        = {246--258}
}
@inproceedings{meng2020localizing,
	title        = {Localizing failure root causes in a microservice through causality inference},
	author       = {Meng, Yuan and Zhang, Shenglin and Sun, Yongqian and Zhang, Ruru and Hu, Zhilong and Zhang, Yiyin and Jia, Chenyang and Wang, Zhaogang and Pei, Dan},
	year         = 2020,
	booktitle    = {2020 IEEE/ACM 28th International Symposium on Quality of Service (IWQoS)},
	pages        = {1--10},
	organization = {IEEE}
}
% Research Gap

% Research Challenges
@misc{Unsuperv29:online,
	title        = {Unsupervised Learning and Data Clustering},
	author       = {Sanatan Mishra},
	year         = 2017,
	month        = {05},
	note         = {(Accessed on 10/08/2021)},
	howpublished = {\url{https://towardsdatascience.com/unsupervised-learning-and-data-clustering-eeecb78b422a}}
}
@article{silver2016mastering,
	title        = {Mastering the game of Go with deep neural networks and tree search},
	author       = {Silver, David and Huang, Aja and Maddison, Chris J and Guez, Arthur and Sifre, Laurent and Van Den Driessche, George and Schrittwieser, Julian and Antonoglou, Ioannis and Panneershelvam, Veda and Lanctot, Marc and others},
	year         = 2016,
	journal      = {nature},
	publisher    = {Nature Publishing Group},
	volume       = 529,
	number       = 7587,
	pages        = {484--489}
}
% Research methods


% Sort These
@inproceedings{chaczko2011availability,
	title        = {Availability and load balancing in cloud computing},
	author       = {Chaczko, Zenon and Mahadevan, Venkatesh and Aslanzadeh, Shahrzad and Mcdermid, Christopher},
	year         = 2011,
	booktitle    = {International Conference on Computer and Software Modeling, Singapore},
	volume       = 14,
	pages        = {134--140},
	organization = {IACSIT Press}
}
@inproceedings{dua2014virtualization,
	title        = {Virtualization vs containerization to support paas},
	author       = {Dua, Rajdeep and Raja, A Reddy and Kakadia, Dharmesh},
	year         = 2014,
	booktitle    = {2014 IEEE International Conference on Cloud Engineering},
	pages        = {610--614},
	organization = {IEEE}
}
@misc{Dockervs91:online,
	title        = {Docker vs Virtual Machines (VMs) : A Practical Guide to Docker Containers and VMs},
	author       = {WeaveWorks},
	year         = 2020,
	month        = {01},
	note         = {(Accessed on 11/20/2021)},
	howpublished = {\url{https://www.weave.works/blog/a-practical-guide-to-choosing-between-docker-containers-and-vms}}
}
@misc{Kubernet59:online,
	title        = {Kubernetes adoption, security, and market trends report 2021},
	author       = {RedHat},
	year         = 2021,
	month        = {07},
	note         = {(Accessed on 11/20/2021)},
	howpublished = {\url{https://www.redhat.com/en/resources/kubernetes-adoption-security-market-trends-2021-overview}}
}
@article{ElasticityCloudComputing,
	title        = {Elasticity in Cloud Computing: State of the Art and Research Challenges},
	author       = {al-dhuraibi, Yahya and Fawaz, Paraiso and Djarallah, Nabil and Merle, Philippe},
	year         = 2017,
	month        = {06},
	journal      = {IEEE Transactions on Services Computing},
	volume       = {PP},
	pages        = {1--1},
	doi          = {10.1109/TSC.2017.2711009}
}







%% SRS


@misc{CloudNat36:online,
author = {CNCF},
title = {Cloud Native Survey 2020: Containers in production jump 300\% from our first survey},
howpublished = {\url{https://www.cncf.io/blog/2020/11/17/cloud-native-survey-2020-containers-in-production-jump-300-from-our-first-survey/}},
month = {11},
year = {2020},
note = {(Accessed on 02/02/2022)}
}

@misc{Introduc93:online,
author = {},
title = {The Kubebuilder Book},
howpublished = {\url{https://book.kubebuilder.io}},
month = {},
year = {},
note = {(Accessed on 02/03/2022)}
}


@misc{Microsof81:online,
author = {Microsoft},
title = {Microsoft 365 Status on Twitter: "We're investigating an issue for access to multiple M365 services. Please visit the admin center post M0244568 for more information. We'll provide additional information here as it becomes available."},
howpublished = {\url{https://twitter.com/MSFT365Status/status/1371546946263916545}},
month = {03},
year = {2021},
note = {(Accessed on 03/02/2022)}
}




% Implementation

@misc{WhatisaT74:online,
author = {AfterAcademy},
title = {What is a TCP 3-way handshake process?},
howpublished = {\url{https://afteracademy.com/blog/what-is-a-tcp-3-way-handshake-process}},
month = {02},
year = {2020},
note = {(Accessed on 03/02/2022)}
}

@article{sola1997importance,
  title={Importance of input data normalization for the application of neural networks to complex industrial problems},
  author={Sola, Jorge and Sevilla, Joaquin},
  journal={IEEE Transactions on nuclear science},
  volume={44},
  number={3},
  pages={1464--1468},
  year={1997},
  publisher={IEEE}
}
@book{hausenblas2019programming,
  title={Programming Kubernetes: Developing Cloud-Native Applications},
  author={Hausenblas, M. and Schimanski, S.},
  isbn={9781492047070},
  url={https://books.google.lk/books?id=7VKjDwAAQBAJ},
  year={2019},
  publisher={O'Reilly Media}
}
