% Introduction

@article{dragoni2017microservices,
  title={Microservices: yesterday, today, and tomorrow},
  author={Dragoni, Nicola and Giallorenzo, Saverio and Lafuente, Alberto Lluch and Mazzara, Manuel and Montesi, Fabrizio and Mustafin, Ruslan and Safina, Larisa},
  journal={Present and ulterior software engineering},
  pages={195--216},
  year={2017},
  publisher={Springer}
}

@misc{Introduc54:online,
author = {Adam Gluck},
title = {Introducing Domain-Oriented Microservice Architecture | Uber Engineering Blog},
howpublished = {\url{https://eng.uber.com/microservice-architecture/}},
month = {7},
year = {2020},
note = {(Accessed on 08/26/2021)}
}


% Background

@misc{rimol_2021, title={Gartner Says Worldwide IaaS Public Cloud Services Market Grew 40.7\% in 2020}, howpublished={\url{https://www.gartner.com/en/newsroom/press-releases/2021-06-28-gartner-says-worldwide-iaas-public-cloud-services-market-grew-40-7-percent-in-2020}}, journal={Gartner}, author={Rimol, Meghan}, year={2021}, month={Jun}}

@misc{Understa56:online,
author = {},
title = {Understanding cloud-native apps},
howpublished = {\url{https://www.redhat.com/cloud-native-apps}},
month = {},
year = {},
note = {(Accessed on 08/26/2021)}
}


@misc{Whataret68:online,
author = {},
title = {What are the Benefits of CI/CD? | TeamCity CI/CD Guide | JetBrains},
howpublished = {\url{https://www.jetbrains.com/teamcity/ci-cd-guide/benefits-of-ci-cd/}},
month = {},
year = {},
note = {(Accessed on 08/26/2021)}
}


@misc{5WaysYou35:online,
author = {Alex Zhitnitsky},
title = {5 Ways You're Probably Messing Up Your Microservices | OverOps},
howpublished = {\url{https://www.overops.com/blog/5-ways-to-not-f-up-your-microservices-in-production/}},
month = {5},
year = {2019},
note = {(Accessed on 08/26/2021)}
}

% Problem

@misc{CloudAdo16:online,
author = {Nick Galov},
title = {Cloud Adoption Statistics - It's Everywhere \& Everyone's Using It in 2021!},
howpublished = {\url{https://hostingtribunal.com/blog/cloud-adoption-statistics/}},
month = {9},
year = {2021},
note = {(Accessed on 08/27/2021)}
}

@misc{Datadog18:online,
author = {},
title = {Datadog Product Tour},
howpublished = {\url{https://www.youtube.com/watch?v=YmJcbAI\_OCg}},
month = {},
year = {},
note = {(Accessed on 08/26/2021)}
}

% research motivation

@misc{ OpenAI_dota,
      author = {OpenAI},
      title = {OpenAI Five},
      howpublished = {\url{https://blog.openai.com/openai-five/}},
      year = {2018}}
      
@article{silver2017mastering,
  title={Mastering the game of go without human knowledge},
  author={Silver, David and Schrittwieser, Julian and Simonyan, Karen and Antonoglou, Ioannis and Huang, Aja and Guez, Arthur and Hubert, Thomas and Baker, Lucas and Lai, Matthew and Bolton, Adrian and others},
  journal={nature},
  volume={550},
  number={7676},
  pages={354--359},
  year={2017},
  publisher={Nature Publishing Group}
}


% related work

@misc{Watchdog76:online,
author = {Brad Menezes},
title = {Watchdog: Auto-Detect Performance Anomalies Without Setting Alerts | Datadog},
howpublished = {\url{https://www.datadoghq.com/blog/watchdog/}},
month = {7},
year = {2018},
note = {(Accessed on 08/29/2021)}
}


@inproceedings{du2018anomaly,
  title={Anomaly detection and diagnosis for container-based microservices with performance monitoring},
  author={Du, Qingfeng and Xie, Tiandi and He, Yu},
  booktitle={International Conference on Algorithms and Architectures for Parallel Processing},
  pages={560--572},
  year={2018},
  organization={Springer}
}


@inproceedings{kumarage2018anomaly,
  title={Anomaly Detection in Industrial Software Systems-Using Variational Autoencoders.},
  author={Kumarage, Tharindu and De Silva, Nadun and Ranawaka, Malsha and Kuruppu, Chamal and Ranathunga, Surangika},
  booktitle={ICPRAM},
  pages={440--447},
  year={2018}
}

@inproceedings{kumarage2019generative,
  title={Generative adversarial networks (GAN) based anomaly detection in industrial software systems},
  author={Kumarage, Tharindu and Ranathunga, Surangika and Kuruppu, Chamal and De Silva, Nadun and Ranawaka, Malsha},
  booktitle={2019 Moratuwa Engineering Research Conference (MERCon)},
  pages={43--48},
  year={2019},
  organization={IEEE}
}

@article{oord2016wavenet,
  title={Wavenet: A generative model for raw audio},
  author={Oord, Aaron van den and Dieleman, Sander and Zen, Heiga and Simonyan, Karen and Vinyals, Oriol and Graves, Alex and Kalchbrenner, Nal and Senior, Andrew and Kavukcuoglu, Koray},
  journal={arXiv preprint arXiv:1609.03499},
  year={2016}
}

@inproceedings{kim2018encoding,
  title={An encoding technique for CNN-based network anomaly detection},
  author={Kim, Taejoon and Suh, Sang C and Kim, Hyunjoo and Kim, Jonghyun and Kim, Jinoh},
  booktitle={2018 IEEE International Conference on Big Data (Big Data)},
  pages={2960--2965},
  year={2018},
  organization={IEEE}
}




@inproceedings{wu2020microrca,
  title={Microrca: Root cause localization of performance issues in microservices},
  author={Wu, Li and Tordsson, Johan and Elmroth, Erik and Kao, Odej},
  booktitle={NOMS 2020-2020 IEEE/IFIP Network Operations and Management Symposium},
  pages={1--9},
  year={2020},
  organization={IEEE}
}

